%YAML 1.1
%TAG !u! tag:unity3d.com,2011:
--- !u!29 &1
OcclusionCullingSettings:
  m_ObjectHideFlags: 0
  serializedVersion: 2
  m_OcclusionBakeSettings:
    smallestOccluder: 5
    smallestHole: 0.25
    backfaceThreshold: 100
  m_SceneGUID: 00000000000000000000000000000000
  m_OcclusionCullingData: {fileID: 0}
--- !u!104 &2
RenderSettings:
  m_ObjectHideFlags: 0
  serializedVersion: 8
  m_Fog: 0
  m_FogColor: {r: 0.5, g: 0.5, b: 0.5, a: 1}
  m_FogMode: 3
  m_FogDensity: 0.01
  m_LinearFogStart: 0
  m_LinearFogEnd: 300
  m_AmbientSkyColor: {r: 0.212, g: 0.227, b: 0.259, a: 1}
  m_AmbientEquatorColor: {r: 0.114, g: 0.125, b: 0.133, a: 1}
  m_AmbientGroundColor: {r: 0.047, g: 0.043, b: 0.035, a: 1}
  m_AmbientIntensity: 1
  m_AmbientMode: 3
  m_SubtractiveShadowColor: {r: 0.42, g: 0.478, b: 0.627, a: 1}
  m_SkyboxMaterial: {fileID: 0}
  m_HaloStrength: 0.5
  m_FlareStrength: 1
  m_FlareFadeSpeed: 3
  m_HaloTexture: {fileID: 0}
  m_SpotCookie: {fileID: 10001, guid: 0000000000000000e000000000000000, type: 0}
  m_DefaultReflectionMode: 0
  m_DefaultReflectionResolution: 128
  m_ReflectionBounces: 1
  m_ReflectionIntensity: 1
  m_CustomReflection: {fileID: 0}
  m_Sun: {fileID: 0}
  m_IndirectSpecularColor: {r: 0, g: 0, b: 0, a: 1}
--- !u!157 &3
LightmapSettings:
  m_ObjectHideFlags: 0
  serializedVersion: 11
  m_GIWorkflowMode: 1
  m_GISettings:
    serializedVersion: 2
    m_BounceScale: 1
    m_IndirectOutputScale: 1
    m_AlbedoBoost: 1
    m_TemporalCoherenceThreshold: 1
    m_EnvironmentLightingMode: 0
    m_EnableBakedLightmaps: 0
    m_EnableRealtimeLightmaps: 0
  m_LightmapEditorSettings:
    serializedVersion: 9
    m_Resolution: 2
    m_BakeResolution: 40
    m_TextureWidth: 1024
    m_TextureHeight: 1024
    m_AO: 0
    m_AOMaxDistance: 1
    m_CompAOExponent: 1
    m_CompAOExponentDirect: 0
    m_Padding: 2
    m_LightmapParameters: {fileID: 0}
    m_LightmapsBakeMode: 1
    m_TextureCompression: 1
    m_FinalGather: 0
    m_FinalGatherFiltering: 1
    m_FinalGatherRayCount: 256
    m_ReflectionCompression: 2
    m_MixedBakeMode: 2
    m_BakeBackend: 0
    m_PVRSampling: 1
    m_PVRDirectSampleCount: 32
    m_PVRSampleCount: 500
    m_PVRBounces: 2
    m_PVRFilterTypeDirect: 0
    m_PVRFilterTypeIndirect: 0
    m_PVRFilterTypeAO: 0
    m_PVRFilteringMode: 1
    m_PVRCulling: 1
    m_PVRFilteringGaussRadiusDirect: 1
    m_PVRFilteringGaussRadiusIndirect: 5
    m_PVRFilteringGaussRadiusAO: 2
    m_PVRFilteringAtrousPositionSigmaDirect: 0.5
    m_PVRFilteringAtrousPositionSigmaIndirect: 2
    m_PVRFilteringAtrousPositionSigmaAO: 1
    m_ShowResolutionOverlay: 1
  m_LightingDataAsset: {fileID: 0}
  m_UseShadowmask: 1
--- !u!196 &4
NavMeshSettings:
  serializedVersion: 2
  m_ObjectHideFlags: 0
  m_BuildSettings:
    serializedVersion: 2
    agentTypeID: 0
    agentRadius: 0.5
    agentHeight: 2
    agentSlope: 45
    agentClimb: 0.4
    ledgeDropHeight: 0
    maxJumpAcrossDistance: 0
    minRegionArea: 2
    manualCellSize: 0
    cellSize: 0.16666667
    manualTileSize: 0
    tileSize: 256
    accuratePlacement: 0
    debug:
      m_Flags: 0
  m_NavMeshData: {fileID: 0}
--- !u!1001 &140984290
Prefab:
  m_ObjectHideFlags: 0
  serializedVersion: 2
  m_Modification:
    m_TransformParent: {fileID: 1702792221}
    m_Modifications:
    - target: {fileID: 4933880023489994, guid: f987038be355edc44ab5ceb509c11c36, type: 2}
      propertyPath: m_LocalPosition.x
      value: 0
      objectReference: {fileID: 0}
    - target: {fileID: 4933880023489994, guid: f987038be355edc44ab5ceb509c11c36, type: 2}
      propertyPath: m_LocalPosition.y
      value: 0
      objectReference: {fileID: 0}
    - target: {fileID: 4933880023489994, guid: f987038be355edc44ab5ceb509c11c36, type: 2}
      propertyPath: m_LocalPosition.z
      value: 0
      objectReference: {fileID: 0}
    - target: {fileID: 4933880023489994, guid: f987038be355edc44ab5ceb509c11c36, type: 2}
      propertyPath: m_LocalRotation.x
      value: 0
      objectReference: {fileID: 0}
    - target: {fileID: 4933880023489994, guid: f987038be355edc44ab5ceb509c11c36, type: 2}
      propertyPath: m_LocalRotation.y
      value: 0
      objectReference: {fileID: 0}
    - target: {fileID: 4933880023489994, guid: f987038be355edc44ab5ceb509c11c36, type: 2}
      propertyPath: m_LocalRotation.z
      value: 0
      objectReference: {fileID: 0}
    - target: {fileID: 4933880023489994, guid: f987038be355edc44ab5ceb509c11c36, type: 2}
      propertyPath: m_LocalRotation.w
      value: 1
      objectReference: {fileID: 0}
    - target: {fileID: 4933880023489994, guid: f987038be355edc44ab5ceb509c11c36, type: 2}
      propertyPath: m_RootOrder
      value: 1
      objectReference: {fileID: 0}
    m_RemovedComponents: []
  m_ParentPrefab: {fileID: 100100000, guid: f987038be355edc44ab5ceb509c11c36, type: 2}
  m_IsPrefabParent: 0
--- !u!1 &343867871
GameObject:
  m_ObjectHideFlags: 0
  m_PrefabParentObject: {fileID: 1085447913754830, guid: 47b9b4637a725b9478be29233d9e147c,
    type: 2}
  m_PrefabInternal: {fileID: 0}
  serializedVersion: 5
  m_Component:
  - component: {fileID: 343867872}
  - component: {fileID: 343867874}
  - component: {fileID: 343867873}
  m_Layer: 5
  m_Name: Number Of Coins
  m_TagString: Untagged
  m_Icon: {fileID: 0}
  m_NavMeshLayer: 0
  m_StaticEditorFlags: 0
  m_IsActive: 1
--- !u!224 &343867872
RectTransform:
  m_ObjectHideFlags: 0
  m_PrefabParentObject: {fileID: 224660912608135072, guid: 47b9b4637a725b9478be29233d9e147c,
    type: 2}
  m_PrefabInternal: {fileID: 0}
  m_GameObject: {fileID: 343867871}
  m_LocalRotation: {x: -0, y: -0, z: -0, w: 1}
  m_LocalPosition: {x: 0, y: 0, z: 0}
  m_LocalScale: {x: 1, y: 1, z: 1}
  m_Children: []
  m_Father: {fileID: 1082094798}
  m_RootOrder: 1
  m_LocalEulerAnglesHint: {x: 0, y: 0, z: 0}
  m_AnchorMin: {x: 0.68623644, y: 0.6464665}
  m_AnchorMax: {x: 1, y: 1}
  m_AnchoredPosition: {x: -0.000015258789, y: 0.00024414062}
  m_SizeDelta: {x: 0, y: 42}
  m_Pivot: {x: 0, y: 1}
--- !u!114 &343867873
MonoBehaviour:
  m_ObjectHideFlags: 0
  m_PrefabParentObject: {fileID: 114598377699240800, guid: 47b9b4637a725b9478be29233d9e147c,
    type: 2}
  m_PrefabInternal: {fileID: 0}
  m_GameObject: {fileID: 343867871}
  m_Enabled: 1
  m_EditorHideFlags: 0
  m_Script: {fileID: 708705254, guid: f70555f144d8491a825f0804e09c671c, type: 3}
  m_Name: 
  m_EditorClassIdentifier: 
  m_Material: {fileID: 0}
  m_Color: {r: 0.19607843, g: 0.19607843, b: 0.19607843, a: 1}
  m_RaycastTarget: 1
  m_OnCullStateChanged:
    m_PersistentCalls:
      m_Calls: []
    m_TypeName: UnityEngine.UI.MaskableGraphic+CullStateChangedEvent, UnityEngine.UI,
      Version=1.0.0.0, Culture=neutral, PublicKeyToken=null
  m_FontData:
    m_Font: {fileID: 10102, guid: 0000000000000000e000000000000000, type: 0}
    m_FontSize: 38
    m_FontStyle: 0
    m_BestFit: 0
    m_MinSize: 10
    m_MaxSize: 40
    m_Alignment: 0
    m_AlignByGeometry: 0
    m_RichText: 1
    m_HorizontalOverflow: 0
    m_VerticalOverflow: 0
    m_LineSpacing: 1
  m_Text: '0

'
--- !u!222 &343867874
CanvasRenderer:
  m_ObjectHideFlags: 0
  m_PrefabParentObject: {fileID: 222314740416198514, guid: 47b9b4637a725b9478be29233d9e147c,
    type: 2}
  m_PrefabInternal: {fileID: 0}
  m_GameObject: {fileID: 343867871}
--- !u!1001 &594453163
Prefab:
  m_ObjectHideFlags: 0
  serializedVersion: 2
  m_Modification:
    m_TransformParent: {fileID: 1121097944}
    m_Modifications:
    - target: {fileID: 224136264913147122, guid: 383cc8d660198fc4896e29c733e4d3a6,
        type: 2}
      propertyPath: m_LocalPosition.x
      value: 0
      objectReference: {fileID: 0}
    - target: {fileID: 224136264913147122, guid: 383cc8d660198fc4896e29c733e4d3a6,
        type: 2}
      propertyPath: m_LocalPosition.y
      value: 0
      objectReference: {fileID: 0}
    - target: {fileID: 224136264913147122, guid: 383cc8d660198fc4896e29c733e4d3a6,
        type: 2}
      propertyPath: m_LocalPosition.z
      value: 0
      objectReference: {fileID: 0}
    - target: {fileID: 224136264913147122, guid: 383cc8d660198fc4896e29c733e4d3a6,
        type: 2}
      propertyPath: m_LocalRotation.x
      value: -0
      objectReference: {fileID: 0}
    - target: {fileID: 224136264913147122, guid: 383cc8d660198fc4896e29c733e4d3a6,
        type: 2}
      propertyPath: m_LocalRotation.y
      value: -0
      objectReference: {fileID: 0}
    - target: {fileID: 224136264913147122, guid: 383cc8d660198fc4896e29c733e4d3a6,
        type: 2}
      propertyPath: m_LocalRotation.z
      value: -0.0035547197
      objectReference: {fileID: 0}
    - target: {fileID: 224136264913147122, guid: 383cc8d660198fc4896e29c733e4d3a6,
        type: 2}
      propertyPath: m_LocalRotation.w
      value: 0.9999937
      objectReference: {fileID: 0}
    - target: {fileID: 224136264913147122, guid: 383cc8d660198fc4896e29c733e4d3a6,
        type: 2}
      propertyPath: m_RootOrder
      value: 0
      objectReference: {fileID: 0}
    - target: {fileID: 224136264913147122, guid: 383cc8d660198fc4896e29c733e4d3a6,
        type: 2}
      propertyPath: m_AnchoredPosition.x
      value: 0
      objectReference: {fileID: 0}
    - target: {fileID: 224136264913147122, guid: 383cc8d660198fc4896e29c733e4d3a6,
        type: 2}
      propertyPath: m_AnchoredPosition.y
      value: 0
      objectReference: {fileID: 0}
    - target: {fileID: 224136264913147122, guid: 383cc8d660198fc4896e29c733e4d3a6,
        type: 2}
      propertyPath: m_SizeDelta.x
      value: 0
      objectReference: {fileID: 0}
    - target: {fileID: 224136264913147122, guid: 383cc8d660198fc4896e29c733e4d3a6,
        type: 2}
      propertyPath: m_SizeDelta.y
      value: 0
      objectReference: {fileID: 0}
    - target: {fileID: 224136264913147122, guid: 383cc8d660198fc4896e29c733e4d3a6,
        type: 2}
      propertyPath: m_AnchorMin.x
      value: 0.1
      objectReference: {fileID: 0}
    - target: {fileID: 224136264913147122, guid: 383cc8d660198fc4896e29c733e4d3a6,
        type: 2}
      propertyPath: m_AnchorMin.y
      value: 0.1
      objectReference: {fileID: 0}
    - target: {fileID: 224136264913147122, guid: 383cc8d660198fc4896e29c733e4d3a6,
        type: 2}
      propertyPath: m_AnchorMax.x
      value: 0.9
      objectReference: {fileID: 0}
    - target: {fileID: 224136264913147122, guid: 383cc8d660198fc4896e29c733e4d3a6,
        type: 2}
      propertyPath: m_AnchorMax.y
      value: 0.9
      objectReference: {fileID: 0}
    - target: {fileID: 224136264913147122, guid: 383cc8d660198fc4896e29c733e4d3a6,
        type: 2}
      propertyPath: m_Pivot.x
      value: 0.5
      objectReference: {fileID: 0}
    - target: {fileID: 224136264913147122, guid: 383cc8d660198fc4896e29c733e4d3a6,
        type: 2}
      propertyPath: m_Pivot.y
      value: 0.5
      objectReference: {fileID: 0}
    - target: {fileID: 1079757641140932, guid: 383cc8d660198fc4896e29c733e4d3a6, type: 2}
      propertyPath: m_IsActive
      value: 0
      objectReference: {fileID: 0}
    m_RemovedComponents: []
  m_ParentPrefab: {fileID: 100100000, guid: 383cc8d660198fc4896e29c733e4d3a6, type: 2}
  m_IsPrefabParent: 0
--- !u!224 &594453164 stripped
RectTransform:
  m_PrefabParentObject: {fileID: 224136264913147122, guid: 383cc8d660198fc4896e29c733e4d3a6,
    type: 2}
  m_PrefabInternal: {fileID: 594453163}
--- !u!1 &805950137
GameObject:
  m_ObjectHideFlags: 0
  m_PrefabParentObject: {fileID: 0}
  m_PrefabInternal: {fileID: 0}
  serializedVersion: 5
  m_Component:
  - component: {fileID: 805950141}
  - component: {fileID: 805950140}
  - component: {fileID: 805950139}
  - component: {fileID: 805950138}
  m_Layer: 0
  m_Name: Main Camera
  m_TagString: MainCamera
  m_Icon: {fileID: 0}
  m_NavMeshLayer: 0
  m_StaticEditorFlags: 0
  m_IsActive: 1
--- !u!81 &805950138
AudioListener:
  m_ObjectHideFlags: 0
  m_PrefabParentObject: {fileID: 0}
  m_PrefabInternal: {fileID: 0}
  m_GameObject: {fileID: 805950137}
  m_Enabled: 1
--- !u!124 &805950139
Behaviour:
  m_ObjectHideFlags: 0
  m_PrefabParentObject: {fileID: 0}
  m_PrefabInternal: {fileID: 0}
  m_GameObject: {fileID: 805950137}
  m_Enabled: 1
--- !u!20 &805950140
Camera:
  m_ObjectHideFlags: 0
  m_PrefabParentObject: {fileID: 0}
  m_PrefabInternal: {fileID: 0}
  m_GameObject: {fileID: 805950137}
  m_Enabled: 1
  serializedVersion: 2
  m_ClearFlags: 1
  m_BackGroundColor: {r: 0.5147059, g: 0.7590262, b: 1, a: 0}
  m_NormalizedViewPortRect:
    serializedVersion: 2
    x: 0
    y: 0
    width: 1
    height: 1
  near clip plane: 0.3
  far clip plane: 1000
  field of view: 60
  orthographic: 1
  orthographic size: 5
  m_Depth: -1
  m_CullingMask:
    serializedVersion: 2
    m_Bits: 4294967295
  m_RenderingPath: -1
  m_TargetTexture: {fileID: 0}
  m_TargetDisplay: 0
  m_TargetEye: 3
  m_HDR: 1
  m_AllowMSAA: 1
  m_AllowDynamicResolution: 0
  m_ForceIntoRT: 0
  m_OcclusionCulling: 1
  m_StereoConvergence: 10
  m_StereoSeparation: 0.022
--- !u!4 &805950141
Transform:
  m_ObjectHideFlags: 0
  m_PrefabParentObject: {fileID: 0}
  m_PrefabInternal: {fileID: 0}
  m_GameObject: {fileID: 805950137}
  m_LocalRotation: {x: 0, y: 0, z: 0, w: 1}
  m_LocalPosition: {x: 0, y: 0, z: -10}
  m_LocalScale: {x: 1, y: 1, z: 1}
  m_Children: []
  m_Father: {fileID: 0}
  m_RootOrder: 0
  m_LocalEulerAnglesHint: {x: 0, y: 0, z: 0}
--- !u!4 &824045405 stripped
Transform:
  m_PrefabParentObject: {fileID: 4933880023489994, guid: f987038be355edc44ab5ceb509c11c36,
    type: 2}
  m_PrefabInternal: {fileID: 140984290}
--- !u!1001 &840727272
Prefab:
  m_ObjectHideFlags: 0
  serializedVersion: 2
  m_Modification:
    m_TransformParent: {fileID: 1702792221}
    m_Modifications:
    - target: {fileID: 4891558440702276, guid: 5e722a14c9120b448a3c334dd03d6491, type: 2}
      propertyPath: m_LocalPosition.x
      value: 0
      objectReference: {fileID: 0}
    - target: {fileID: 4891558440702276, guid: 5e722a14c9120b448a3c334dd03d6491, type: 2}
      propertyPath: m_LocalPosition.y
      value: 0
      objectReference: {fileID: 0}
    - target: {fileID: 4891558440702276, guid: 5e722a14c9120b448a3c334dd03d6491, type: 2}
      propertyPath: m_LocalPosition.z
      value: 0
      objectReference: {fileID: 0}
    - target: {fileID: 4891558440702276, guid: 5e722a14c9120b448a3c334dd03d6491, type: 2}
      propertyPath: m_LocalRotation.x
      value: -0
      objectReference: {fileID: 0}
    - target: {fileID: 4891558440702276, guid: 5e722a14c9120b448a3c334dd03d6491, type: 2}
      propertyPath: m_LocalRotation.y
      value: -0
      objectReference: {fileID: 0}
    - target: {fileID: 4891558440702276, guid: 5e722a14c9120b448a3c334dd03d6491, type: 2}
      propertyPath: m_LocalRotation.z
      value: -0
      objectReference: {fileID: 0}
    - target: {fileID: 4891558440702276, guid: 5e722a14c9120b448a3c334dd03d6491, type: 2}
      propertyPath: m_LocalRotation.w
      value: 1
      objectReference: {fileID: 0}
    - target: {fileID: 4891558440702276, guid: 5e722a14c9120b448a3c334dd03d6491, type: 2}
      propertyPath: m_RootOrder
      value: 3
      objectReference: {fileID: 0}
    m_RemovedComponents: []
  m_ParentPrefab: {fileID: 100100000, guid: 5e722a14c9120b448a3c334dd03d6491, type: 2}
  m_IsPrefabParent: 0
--- !u!4 &840727273 stripped
Transform:
  m_PrefabParentObject: {fileID: 4891558440702276, guid: 5e722a14c9120b448a3c334dd03d6491,
    type: 2}
  m_PrefabInternal: {fileID: 840727272}
--- !u!1 &943989384
GameObject:
  m_ObjectHideFlags: 0
  m_PrefabParentObject: {fileID: 0}
  m_PrefabInternal: {fileID: 0}
  serializedVersion: 5
  m_Component:
  - component: {fileID: 943989385}
  - component: {fileID: 943989386}
  m_Layer: 0
  m_Name: SpawnLocation
  m_TagString: Untagged
  m_Icon: {fileID: 0}
  m_NavMeshLayer: 0
  m_StaticEditorFlags: 0
  m_IsActive: 1
--- !u!4 &943989385
Transform:
  m_ObjectHideFlags: 0
  m_PrefabParentObject: {fileID: 0}
  m_PrefabInternal: {fileID: 0}
  m_GameObject: {fileID: 943989384}
  m_LocalRotation: {x: 0, y: 0, z: 0, w: 1}
  m_LocalPosition: {x: -1.77, y: -2.85, z: 0}
  m_LocalScale: {x: 1, y: 1, z: 1}
  m_Children: []
  m_Father: {fileID: 1702792221}
  m_RootOrder: 0
  m_LocalEulerAnglesHint: {x: 0, y: 0, z: 0}
--- !u!212 &943989386
SpriteRenderer:
  m_ObjectHideFlags: 0
  m_PrefabParentObject: {fileID: 0}
  m_PrefabInternal: {fileID: 0}
  m_GameObject: {fileID: 943989384}
  m_Enabled: 1
  m_CastShadows: 0
  m_ReceiveShadows: 0
  m_DynamicOccludee: 1
  m_MotionVectors: 1
  m_LightProbeUsage: 1
  m_ReflectionProbeUsage: 1
  m_Materials:
  - {fileID: 10754, guid: 0000000000000000f000000000000000, type: 0}
  m_StaticBatchInfo:
    firstSubMesh: 0
    subMeshCount: 0
  m_StaticBatchRoot: {fileID: 0}
  m_ProbeAnchor: {fileID: 0}
  m_LightProbeVolumeOverride: {fileID: 0}
  m_ScaleInLightmap: 1
  m_PreserveUVs: 0
  m_IgnoreNormalsForChartDetection: 0
  m_ImportantGI: 0
  m_StitchLightmapSeams: 0
  m_SelectedEditorRenderState: 0
  m_MinimumChartSize: 4
  m_AutoUVMaxDistance: 0.5
  m_AutoUVMaxAngle: 89
  m_LightmapParameters: {fileID: 0}
  m_SortingLayerID: 0
  m_SortingLayer: 0
  m_SortingOrder: 0
  m_Sprite: {fileID: 0}
  m_Color: {r: 1, g: 1, b: 1, a: 1}
  m_FlipX: 0
  m_FlipY: 0
  m_DrawMode: 0
  m_Size: {x: 1, y: 1}
  m_AdaptiveModeThreshold: 0.5
  m_SpriteTileMode: 0
  m_WasSpriteAssigned: 0
  m_MaskInteraction: 0
--- !u!1001 &1082094796
Prefab:
  m_ObjectHideFlags: 0
  serializedVersion: 2
  m_Modification:
    m_TransformParent: {fileID: 1121097944}
    m_Modifications:
    - target: {fileID: 224680647205219246, guid: 47b9b4637a725b9478be29233d9e147c,
        type: 2}
      propertyPath: m_LocalPosition.x
      value: 0
      objectReference: {fileID: 0}
    - target: {fileID: 224680647205219246, guid: 47b9b4637a725b9478be29233d9e147c,
        type: 2}
      propertyPath: m_LocalPosition.y
      value: 0
      objectReference: {fileID: 0}
    - target: {fileID: 224680647205219246, guid: 47b9b4637a725b9478be29233d9e147c,
        type: 2}
      propertyPath: m_LocalPosition.z
      value: 0
      objectReference: {fileID: 0}
    - target: {fileID: 224680647205219246, guid: 47b9b4637a725b9478be29233d9e147c,
        type: 2}
      propertyPath: m_LocalRotation.x
      value: -0
      objectReference: {fileID: 0}
    - target: {fileID: 224680647205219246, guid: 47b9b4637a725b9478be29233d9e147c,
        type: 2}
      propertyPath: m_LocalRotation.y
      value: -0
      objectReference: {fileID: 0}
    - target: {fileID: 224680647205219246, guid: 47b9b4637a725b9478be29233d9e147c,
        type: 2}
      propertyPath: m_LocalRotation.z
      value: -0.0035547197
      objectReference: {fileID: 0}
    - target: {fileID: 224680647205219246, guid: 47b9b4637a725b9478be29233d9e147c,
        type: 2}
      propertyPath: m_LocalRotation.w
      value: 0.9999937
      objectReference: {fileID: 0}
    - target: {fileID: 224680647205219246, guid: 47b9b4637a725b9478be29233d9e147c,
        type: 2}
      propertyPath: m_RootOrder
      value: 1
      objectReference: {fileID: 0}
    - target: {fileID: 224680647205219246, guid: 47b9b4637a725b9478be29233d9e147c,
        type: 2}
      propertyPath: m_AnchoredPosition.x
      value: 0
      objectReference: {fileID: 0}
    - target: {fileID: 224680647205219246, guid: 47b9b4637a725b9478be29233d9e147c,
        type: 2}
      propertyPath: m_AnchoredPosition.y
      value: 0
      objectReference: {fileID: 0}
    - target: {fileID: 224680647205219246, guid: 47b9b4637a725b9478be29233d9e147c,
        type: 2}
      propertyPath: m_SizeDelta.x
      value: 0
      objectReference: {fileID: 0}
    - target: {fileID: 224680647205219246, guid: 47b9b4637a725b9478be29233d9e147c,
        type: 2}
      propertyPath: m_SizeDelta.y
      value: 0
      objectReference: {fileID: 0}
    - target: {fileID: 224680647205219246, guid: 47b9b4637a725b9478be29233d9e147c,
        type: 2}
      propertyPath: m_AnchorMin.x
      value: 0
      objectReference: {fileID: 0}
    - target: {fileID: 224680647205219246, guid: 47b9b4637a725b9478be29233d9e147c,
        type: 2}
      propertyPath: m_AnchorMin.y
      value: 0
      objectReference: {fileID: 0}
    - target: {fileID: 224680647205219246, guid: 47b9b4637a725b9478be29233d9e147c,
        type: 2}
      propertyPath: m_AnchorMax.x
      value: 1
      objectReference: {fileID: 0}
    - target: {fileID: 224680647205219246, guid: 47b9b4637a725b9478be29233d9e147c,
        type: 2}
      propertyPath: m_AnchorMax.y
      value: 1
      objectReference: {fileID: 0}
    - target: {fileID: 224680647205219246, guid: 47b9b4637a725b9478be29233d9e147c,
        type: 2}
      propertyPath: m_Pivot.x
      value: 0.5
      objectReference: {fileID: 0}
    - target: {fileID: 224680647205219246, guid: 47b9b4637a725b9478be29233d9e147c,
        type: 2}
      propertyPath: m_Pivot.y
      value: 0.5
      objectReference: {fileID: 0}
    - target: {fileID: 1179721975918690, guid: 47b9b4637a725b9478be29233d9e147c, type: 2}
      propertyPath: m_IsActive
      value: 1
      objectReference: {fileID: 0}
    - target: {fileID: 224049188809312508, guid: 47b9b4637a725b9478be29233d9e147c,
        type: 2}
      propertyPath: m_AnchorMin.x
      value: 0.02177405
      objectReference: {fileID: 0}
    - target: {fileID: 224049188809312508, guid: 47b9b4637a725b9478be29233d9e147c,
        type: 2}
      propertyPath: m_AnchorMax.y
      value: 0.96380734
      objectReference: {fileID: 0}
    - target: {fileID: 224049188809312508, guid: 47b9b4637a725b9478be29233d9e147c,
        type: 2}
      propertyPath: m_AnchorMin.y
      value: 0.7814036
      objectReference: {fileID: 0}
    - target: {fileID: 224049188809312508, guid: 47b9b4637a725b9478be29233d9e147c,
        type: 2}
      propertyPath: m_AnchorMax.x
      value: 0.15129675
      objectReference: {fileID: 0}
    - target: {fileID: 114598377699240800, guid: 47b9b4637a725b9478be29233d9e147c,
        type: 2}
      propertyPath: m_Text
      value: 'Coins: '
      objectReference: {fileID: 0}
    - target: {fileID: 224660912608135072, guid: 47b9b4637a725b9478be29233d9e147c,
        type: 2}
      propertyPath: m_AnchoredPosition.x
      value: 0
      objectReference: {fileID: 0}
    - target: {fileID: 224660912608135072, guid: 47b9b4637a725b9478be29233d9e147c,
        type: 2}
      propertyPath: m_AnchoredPosition.y
      value: 0
      objectReference: {fileID: 0}
    - target: {fileID: 224660912608135072, guid: 47b9b4637a725b9478be29233d9e147c,
        type: 2}
      propertyPath: m_SizeDelta.y
      value: 42
      objectReference: {fileID: 0}
    - target: {fileID: 224660912608135072, guid: 47b9b4637a725b9478be29233d9e147c,
        type: 2}
      propertyPath: m_SizeDelta.x
      value: 0
      objectReference: {fileID: 0}
    - target: {fileID: 224660912608135072, guid: 47b9b4637a725b9478be29233d9e147c,
        type: 2}
      propertyPath: m_AnchorMax.x
      value: 1
      objectReference: {fileID: 0}
    - target: {fileID: 224660912608135072, guid: 47b9b4637a725b9478be29233d9e147c,
        type: 2}
      propertyPath: m_AnchorMin.y
      value: 0.6
      objectReference: {fileID: 0}
    - target: {fileID: 224660912608135072, guid: 47b9b4637a725b9478be29233d9e147c,
        type: 2}
      propertyPath: m_AnchorMin.x
      value: 0
      objectReference: {fileID: 0}
    - target: {fileID: 224660912608135072, guid: 47b9b4637a725b9478be29233d9e147c,
        type: 2}
      propertyPath: m_Pivot.x
      value: 0
      objectReference: {fileID: 0}
    - target: {fileID: 1085447913754830, guid: 47b9b4637a725b9478be29233d9e147c, type: 2}
      propertyPath: m_Name
      value: TextCoins
      objectReference: {fileID: 0}
    - target: {fileID: 1121145747873184, guid: 47b9b4637a725b9478be29233d9e147c, type: 2}
      propertyPath: m_Name
      value: Open Tutorial
      objectReference: {fileID: 0}
    - target: {fileID: 114244616298956118, guid: 47b9b4637a725b9478be29233d9e147c,
        type: 2}
      propertyPath: m_Text
      value: '?'
      objectReference: {fileID: 0}
    - target: {fileID: 114970003591361404, guid: 47b9b4637a725b9478be29233d9e147c,
        type: 2}
      propertyPath: m_Sprite
      value: 
      objectReference: {fileID: 10913, guid: 0000000000000000f000000000000000, type: 0}
    - target: {fileID: 114970003591361404, guid: 47b9b4637a725b9478be29233d9e147c,
        type: 2}
      propertyPath: m_Type
      value: 0
      objectReference: {fileID: 0}
    - target: {fileID: 114970003591361404, guid: 47b9b4637a725b9478be29233d9e147c,
        type: 2}
      propertyPath: m_PreserveAspect
      value: 1
      objectReference: {fileID: 0}
    - target: {fileID: 224094377666792888, guid: 47b9b4637a725b9478be29233d9e147c,
        type: 2}
      propertyPath: m_AnchoredPosition.y
      value: -403
      objectReference: {fileID: 0}
    - target: {fileID: 224094377666792888, guid: 47b9b4637a725b9478be29233d9e147c,
        type: 2}
      propertyPath: m_AnchoredPosition.x
      value: 830
      objectReference: {fileID: 0}
    - target: {fileID: 114518615052698198, guid: 47b9b4637a725b9478be29233d9e147c,
        type: 2}
      propertyPath: m_OnClick.m_PersistentCalls.m_Calls.Array.data[0].m_Target
      value: 
      objectReference: {fileID: 1176189901}
    - target: {fileID: 114518615052698198, guid: 47b9b4637a725b9478be29233d9e147c,
        type: 2}
      propertyPath: m_OnClick.m_PersistentCalls.m_Calls.Array.data[0].m_MethodName
      value: SetActive
      objectReference: {fileID: 0}
    - target: {fileID: 114518615052698198, guid: 47b9b4637a725b9478be29233d9e147c,
        type: 2}
      propertyPath: m_OnClick.m_PersistentCalls.m_Calls.Array.data[0].m_Arguments.m_BoolArgument
      value: 1
      objectReference: {fileID: 0}
    m_RemovedComponents:
    - {fileID: 114323975660701840, guid: 47b9b4637a725b9478be29233d9e147c, type: 2}
  m_ParentPrefab: {fileID: 100100000, guid: 47b9b4637a725b9478be29233d9e147c, type: 2}
  m_IsPrefabParent: 0
--- !u!224 &1082094797 stripped
RectTransform:
  m_PrefabParentObject: {fileID: 224680647205219246, guid: 47b9b4637a725b9478be29233d9e147c,
    type: 2}
  m_PrefabInternal: {fileID: 1082094796}
--- !u!224 &1082094798 stripped
RectTransform:
  m_PrefabParentObject: {fileID: 224049188809312508, guid: 47b9b4637a725b9478be29233d9e147c,
    type: 2}
  m_PrefabInternal: {fileID: 1082094796}
--- !u!1 &1082094799 stripped
GameObject:
  m_PrefabParentObject: {fileID: 1179721975918690, guid: 47b9b4637a725b9478be29233d9e147c,
    type: 2}
  m_PrefabInternal: {fileID: 1082094796}
--- !u!114 &1082094800
MonoBehaviour:
  m_ObjectHideFlags: 0
  m_PrefabParentObject: {fileID: 0}
  m_PrefabInternal: {fileID: 0}
  m_GameObject: {fileID: 1082094799}
  m_Enabled: 1
  m_EditorHideFlags: 0
  m_Script: {fileID: 11500000, guid: 2f6957a513cd7e34db5c6178936e0077, type: 3}
  m_Name: 
  m_EditorClassIdentifier: 
  coinsPrintout: {fileID: 343867873}
--- !u!1 &1121097940
GameObject:
  m_ObjectHideFlags: 0
  m_PrefabParentObject: {fileID: 0}
  m_PrefabInternal: {fileID: 0}
  serializedVersion: 5
  m_Component:
  - component: {fileID: 1121097944}
  - component: {fileID: 1121097943}
  - component: {fileID: 1121097942}
  - component: {fileID: 1121097941}
  m_Layer: 5
  m_Name: UICanvas
  m_TagString: Untagged
  m_Icon: {fileID: 0}
  m_NavMeshLayer: 0
  m_StaticEditorFlags: 0
  m_IsActive: 1
--- !u!114 &1121097941
MonoBehaviour:
  m_ObjectHideFlags: 0
  m_PrefabParentObject: {fileID: 0}
  m_PrefabInternal: {fileID: 0}
  m_GameObject: {fileID: 1121097940}
  m_Enabled: 1
  m_EditorHideFlags: 0
  m_Script: {fileID: 1301386320, guid: f70555f144d8491a825f0804e09c671c, type: 3}
  m_Name: 
  m_EditorClassIdentifier: 
  m_IgnoreReversedGraphics: 1
  m_BlockingObjects: 0
  m_BlockingMask:
    serializedVersion: 2
    m_Bits: 4294967295
--- !u!114 &1121097942
MonoBehaviour:
  m_ObjectHideFlags: 0
  m_PrefabParentObject: {fileID: 0}
  m_PrefabInternal: {fileID: 0}
  m_GameObject: {fileID: 1121097940}
  m_Enabled: 1
  m_EditorHideFlags: 0
  m_Script: {fileID: 1980459831, guid: f70555f144d8491a825f0804e09c671c, type: 3}
  m_Name: 
  m_EditorClassIdentifier: 
  m_UiScaleMode: 0
  m_ReferencePixelsPerUnit: 100
  m_ScaleFactor: 1
  m_ReferenceResolution: {x: 800, y: 600}
  m_ScreenMatchMode: 0
  m_MatchWidthOrHeight: 0
  m_PhysicalUnit: 3
  m_FallbackScreenDPI: 96
  m_DefaultSpriteDPI: 96
  m_DynamicPixelsPerUnit: 1
--- !u!223 &1121097943
Canvas:
  m_ObjectHideFlags: 0
  m_PrefabParentObject: {fileID: 0}
  m_PrefabInternal: {fileID: 0}
  m_GameObject: {fileID: 1121097940}
  m_Enabled: 1
  serializedVersion: 3
  m_RenderMode: 0
  m_Camera: {fileID: 0}
  m_PlaneDistance: 100
  m_PixelPerfect: 0
  m_ReceivesEvents: 1
  m_OverrideSorting: 0
  m_OverridePixelPerfect: 0
  m_SortingBucketNormalizedSize: 0
  m_AdditionalShaderChannelsFlag: 0
  m_SortingLayerID: 0
  m_SortingOrder: 0
  m_TargetDisplay: 0
--- !u!224 &1121097944
RectTransform:
  m_ObjectHideFlags: 0
  m_PrefabParentObject: {fileID: 0}
  m_PrefabInternal: {fileID: 0}
  m_GameObject: {fileID: 1121097940}
  m_LocalRotation: {x: 0, y: 0, z: 0, w: 1}
  m_LocalPosition: {x: 0, y: 0, z: 0}
  m_LocalScale: {x: 0, y: 0, z: 0}
  m_Children:
  - {fileID: 594453164}
  - {fileID: 1082094797}
  m_Father: {fileID: 0}
  m_RootOrder: 5
  m_LocalEulerAnglesHint: {x: 0, y: 0, z: 0}
  m_AnchorMin: {x: 0, y: 0}
  m_AnchorMax: {x: 0, y: 0}
  m_AnchoredPosition: {x: 0, y: 0}
  m_SizeDelta: {x: 0, y: 0}
  m_Pivot: {x: 0, y: 0}
--- !u!1 &1176189901 stripped
GameObject:
  m_PrefabParentObject: {fileID: 1079757641140932, guid: 383cc8d660198fc4896e29c733e4d3a6,
    type: 2}
  m_PrefabInternal: {fileID: 594453163}
--- !u!1001 &1272593144
Prefab:
  m_ObjectHideFlags: 0
  serializedVersion: 2
  m_Modification:
    m_TransformParent: {fileID: 1702792221}
    m_Modifications:
    - target: {fileID: 4365166799155678, guid: ba4b50e6dcd438a4d816b3cb58d1caa2, type: 2}
      propertyPath: m_LocalPosition.x
      value: 0
      objectReference: {fileID: 0}
    - target: {fileID: 4365166799155678, guid: ba4b50e6dcd438a4d816b3cb58d1caa2, type: 2}
      propertyPath: m_LocalPosition.y
      value: 0
      objectReference: {fileID: 0}
    - target: {fileID: 4365166799155678, guid: ba4b50e6dcd438a4d816b3cb58d1caa2, type: 2}
      propertyPath: m_LocalPosition.z
      value: 0
      objectReference: {fileID: 0}
    - target: {fileID: 4365166799155678, guid: ba4b50e6dcd438a4d816b3cb58d1caa2, type: 2}
      propertyPath: m_LocalRotation.x
      value: -0
      objectReference: {fileID: 0}
    - target: {fileID: 4365166799155678, guid: ba4b50e6dcd438a4d816b3cb58d1caa2, type: 2}
      propertyPath: m_LocalRotation.y
      value: -0
      objectReference: {fileID: 0}
    - target: {fileID: 4365166799155678, guid: ba4b50e6dcd438a4d816b3cb58d1caa2, type: 2}
      propertyPath: m_LocalRotation.z
      value: -0
      objectReference: {fileID: 0}
    - target: {fileID: 4365166799155678, guid: ba4b50e6dcd438a4d816b3cb58d1caa2, type: 2}
      propertyPath: m_LocalRotation.w
      value: 1
      objectReference: {fileID: 0}
    - target: {fileID: 4365166799155678, guid: ba4b50e6dcd438a4d816b3cb58d1caa2, type: 2}
      propertyPath: m_RootOrder
      value: 2
      objectReference: {fileID: 0}
    m_RemovedComponents: []
  m_ParentPrefab: {fileID: 100100000, guid: ba4b50e6dcd438a4d816b3cb58d1caa2, type: 2}
  m_IsPrefabParent: 0
--- !u!4 &1272593145 stripped
Transform:
  m_PrefabParentObject: {fileID: 4365166799155678, guid: ba4b50e6dcd438a4d816b3cb58d1caa2,
    type: 2}
  m_PrefabInternal: {fileID: 1272593144}
--- !u!1001 &1652417889
Prefab:
  m_ObjectHideFlags: 0
  serializedVersion: 2
  m_Modification:
    m_TransformParent: {fileID: 0}
    m_Modifications:
    - target: {fileID: 4767428595065914, guid: 1b9cbd55ccab9c84cb90c3e4e8bb8612, type: 2}
      propertyPath: m_LocalPosition.x
      value: 0
      objectReference: {fileID: 0}
    - target: {fileID: 4767428595065914, guid: 1b9cbd55ccab9c84cb90c3e4e8bb8612, type: 2}
      propertyPath: m_LocalPosition.y
      value: 0
      objectReference: {fileID: 0}
    - target: {fileID: 4767428595065914, guid: 1b9cbd55ccab9c84cb90c3e4e8bb8612, type: 2}
      propertyPath: m_LocalPosition.z
      value: 0
      objectReference: {fileID: 0}
    - target: {fileID: 4767428595065914, guid: 1b9cbd55ccab9c84cb90c3e4e8bb8612, type: 2}
      propertyPath: m_LocalRotation.x
      value: 0
      objectReference: {fileID: 0}
    - target: {fileID: 4767428595065914, guid: 1b9cbd55ccab9c84cb90c3e4e8bb8612, type: 2}
      propertyPath: m_LocalRotation.y
      value: 0
      objectReference: {fileID: 0}
    - target: {fileID: 4767428595065914, guid: 1b9cbd55ccab9c84cb90c3e4e8bb8612, type: 2}
      propertyPath: m_LocalRotation.z
      value: 0
      objectReference: {fileID: 0}
    - target: {fileID: 4767428595065914, guid: 1b9cbd55ccab9c84cb90c3e4e8bb8612, type: 2}
      propertyPath: m_LocalRotation.w
      value: 1
      objectReference: {fileID: 0}
    - target: {fileID: 4767428595065914, guid: 1b9cbd55ccab9c84cb90c3e4e8bb8612, type: 2}
      propertyPath: m_RootOrder
      value: 1
      objectReference: {fileID: 0}
    - target: {fileID: 1244285435901650, guid: 1b9cbd55ccab9c84cb90c3e4e8bb8612, type: 2}
      propertyPath: m_Name
      value: background (1)
      objectReference: {fileID: 0}
    m_RemovedComponents: []
  m_ParentPrefab: {fileID: 100100000, guid: 1b9cbd55ccab9c84cb90c3e4e8bb8612, type: 2}
  m_IsPrefabParent: 0
--- !u!1 &1702792219
GameObject:
  m_ObjectHideFlags: 0
  m_PrefabParentObject: {fileID: 0}
  m_PrefabInternal: {fileID: 0}
  serializedVersion: 5
  m_Component:
  - component: {fileID: 1702792221}
  - component: {fileID: 1702792220}
  m_Layer: 0
  m_Name: GameManager
  m_TagString: Untagged
  m_Icon: {fileID: 0}
  m_NavMeshLayer: 0
  m_StaticEditorFlags: 0
  m_IsActive: 1
--- !u!114 &1702792220
MonoBehaviour:
  m_ObjectHideFlags: 0
  m_PrefabParentObject: {fileID: 0}
  m_PrefabInternal: {fileID: 0}
  m_GameObject: {fileID: 1702792219}
  m_Enabled: 1
  m_EditorHideFlags: 0
  m_Script: {fileID: 11500000, guid: bb446da4b06f3c64db96a93b64071253, type: 3}
  m_Name: 
  m_EditorClassIdentifier: 
  playerPrefabToSpawn: {fileID: 114988998012040994, guid: bea885f03a1fc7841944a5b98535c700,
    type: 2}
  spawnPoint: {fileID: 943989385}
  playerLives: 564
  numberOfLevels: 3
  currentLivesLeft: 0
  currentRoundCounter: 0
  currentScore: 0
  hud: {fileID: 1082094800}
  levelPrefabs:
  - {fileID: 824045405}
  - {fileID: 1272593145}
  - {fileID: 840727273}
  debugLogs: 1
--- !u!4 &1702792221
Transform:
  m_ObjectHideFlags: 0
  m_PrefabParentObject: {fileID: 0}
  m_PrefabInternal: {fileID: 0}
  m_GameObject: {fileID: 1702792219}
  m_LocalRotation: {x: 0, y: 0, z: 0, w: 1}
  m_LocalPosition: {x: 0, y: 0, z: 0}
  m_LocalScale: {x: 1, y: 1, z: 1}
  m_Children:
  - {fileID: 943989385}
  - {fileID: 824045405}
  - {fileID: 1272593145}
  - {fileID: 840727273}
  m_Father: {fileID: 0}
  m_RootOrder: 2
  m_LocalEulerAnglesHint: {x: 0, y: 0, z: 0}
--- !u!1 &1944517430
GameObject:
  m_ObjectHideFlags: 0
  m_PrefabParentObject: {fileID: 0}
  m_PrefabInternal: {fileID: 0}
  serializedVersion: 5
  m_Component:
  - component: {fileID: 1944517432}
  - component: {fileID: 1944517431}
  m_Layer: 0
  m_Name: chopin_634106_SOUNDDOGS__wa
  m_TagString: Untagged
  m_Icon: {fileID: 0}
  m_NavMeshLayer: 0
  m_StaticEditorFlags: 0
  m_IsActive: 1
--- !u!82 &1944517431
AudioSource:
  m_ObjectHideFlags: 0
  m_PrefabParentObject: {fileID: 0}
  m_PrefabInternal: {fileID: 0}
  m_GameObject: {fileID: 1944517430}
  m_Enabled: 1
  serializedVersion: 4
  OutputAudioMixerGroup: {fileID: 243735659274750808, guid: aea27d484450ba648954d4b5b17fdafd,
    type: 2}
  m_audioClip: {fileID: 8300000, guid: fe5a6f2032ac64d4ab0a0ac048126f9f, type: 3}
  m_PlayOnAwake: 1
  m_Volume: 1
  m_Pitch: 1
  Loop: 0
  Mute: 0
  Spatialize: 0
  SpatializePostEffects: 0
  Priority: 128
  DopplerLevel: 1
  MinDistance: 1
  MaxDistance: 500
  Pan2D: 0
  rolloffMode: 0
  BypassEffects: 0
  BypassListenerEffects: 0
  BypassReverbZones: 0
  rolloffCustomCurve:
    serializedVersion: 2
    m_Curve:
    - serializedVersion: 2
      time: 0
      value: 1
      inSlope: 0
      outSlope: 0
      tangentMode: 0
    - serializedVersion: 2
      time: 1
      value: 0
      inSlope: 0
      outSlope: 0
      tangentMode: 0
    m_PreInfinity: 2
    m_PostInfinity: 2
    m_RotationOrder: 4
  panLevelCustomCurve:
    serializedVersion: 2
    m_Curve:
    - serializedVersion: 2
      time: 0
      value: 0
      inSlope: 0
      outSlope: 0
      tangentMode: 0
    m_PreInfinity: 2
    m_PostInfinity: 2
    m_RotationOrder: 0
  spreadCustomCurve:
    serializedVersion: 2
    m_Curve:
    - serializedVersion: 2
      time: 0
      value: 0
      inSlope: 0
      outSlope: 0
      tangentMode: 0
    m_PreInfinity: 2
    m_PostInfinity: 2
    m_RotationOrder: 0
  reverbZoneMixCustomCurve:
    serializedVersion: 2
    m_Curve:
    - serializedVersion: 2
      time: 0
      value: 1
      inSlope: 0
      outSlope: 0
      tangentMode: 0
    m_PreInfinity: 2
    m_PostInfinity: 2
    m_RotationOrder: 0
--- !u!4 &1944517432
Transform:
  m_ObjectHideFlags: 0
  m_PrefabParentObject: {fileID: 0}
  m_PrefabInternal: {fileID: 0}
  m_GameObject: {fileID: 1944517430}
  m_LocalRotation: {x: 0, y: 0, z: 0, w: 1}
  m_LocalPosition: {x: 0, y: 0, z: 0}
  m_LocalScale: {x: 1, y: 1, z: 1}
  m_Children: []
  m_Father: {fileID: 0}
  m_RootOrder: 3
  m_LocalEulerAnglesHint: {x: 0, y: 0, z: 0}
--- !u!1 &2041600570
GameObject:
  m_ObjectHideFlags: 0
  m_PrefabParentObject: {fileID: 0}
  m_PrefabInternal: {fileID: 0}
  serializedVersion: 5
  m_Component:
  - component: {fileID: 2041600573}
  - component: {fileID: 2041600572}
  - component: {fileID: 2041600571}
  m_Layer: 0
  m_Name: EventSystem
  m_TagString: Untagged
  m_Icon: {fileID: 0}
  m_NavMeshLayer: 0
  m_StaticEditorFlags: 0
  m_IsActive: 1
--- !u!114 &2041600571
MonoBehaviour:
  m_ObjectHideFlags: 0
  m_PrefabParentObject: {fileID: 0}
  m_PrefabInternal: {fileID: 0}
  m_GameObject: {fileID: 2041600570}
  m_Enabled: 1
  m_EditorHideFlags: 0
  m_Script: {fileID: 1077351063, guid: f70555f144d8491a825f0804e09c671c, type: 3}
  m_Name: 
  m_EditorClassIdentifier: 
  m_HorizontalAxis: Horizontal
  m_VerticalAxis: Vertical
  m_SubmitButton: Submit
  m_CancelButton: Cancel
  m_InputActionsPerSecond: 10
  m_RepeatDelay: 0.5
  m_ForceModuleActive: 0
--- !u!114 &2041600572
MonoBehaviour:
  m_ObjectHideFlags: 0
  m_PrefabParentObject: {fileID: 0}
  m_PrefabInternal: {fileID: 0}
  m_GameObject: {fileID: 2041600570}
  m_Enabled: 1
  m_EditorHideFlags: 0
  m_Script: {fileID: -619905303, guid: f70555f144d8491a825f0804e09c671c, type: 3}
  m_Name: 
  m_EditorClassIdentifier: 
  m_FirstSelected: {fileID: 0}
  m_sendNavigationEvents: 1
  m_DragThreshold: 5
--- !u!4 &2041600573
Transform:
  m_ObjectHideFlags: 0
  m_PrefabParentObject: {fileID: 0}
  m_PrefabInternal: {fileID: 0}
  m_GameObject: {fileID: 2041600570}
  m_LocalRotation: {x: 0, y: 0, z: 0, w: 1}
  m_LocalPosition: {x: 0, y: 0, z: 0}
  m_LocalScale: {x: 1, y: 1, z: 1}
  m_Children: []
  m_Father: {fileID: 0}
  m_RootOrder: 6
  m_LocalEulerAnglesHint: {x: 0, y: 0, z: 0}
--- !u!1 &2132586602
GameObject:
  m_ObjectHideFlags: 0
  m_PrefabParentObject: {fileID: 0}
  m_PrefabInternal: {fileID: 0}
  serializedVersion: 5
  m_Component:
  - component: {fileID: 2132586603}
  m_Layer: 0
  m_Name: Instructions
  m_TagString: Untagged
  m_Icon: {fileID: 0}
  m_NavMeshLayer: 0
  m_StaticEditorFlags: 0
  m_IsActive: 1
--- !u!4 &2132586603
Transform:
  m_ObjectHideFlags: 0
  m_PrefabParentObject: {fileID: 0}
  m_PrefabInternal: {fileID: 0}
  m_GameObject: {fileID: 2132586602}
  m_LocalRotation: {x: 0, y: 0, z: 0, w: 1}
  m_LocalPosition: {x: 0, y: 0, z: 0}
  m_LocalScale: {x: 1, y: 1, z: 1}
  m_Children: []
  m_Father: {fileID: 0}
  m_RootOrder: 4
  m_LocalEulerAnglesHint: {x: 0, y: 0, z: 0}
